@Article{EVENT,
	author	= "C.R.E. de Oliveira",
	title	= "An arbitrary geometry finite element method for multigroup neutron transport with anisotropic scattering",
	journal	= "Prog. Nucl. Energy",
	year	= "1986",
	pages	= "227",
	volume	= "18"
}
@Article{Fritag-EdgeSwapping,
	author	= "L.A. Freitag and C. Ollivier-Gooch",
	title	= "Tetrahedral mesh improvement using swapping and smoothing",
	journal	= "Int. J. Num. Mwthods Engrg.",
	year	= "1997",
	pages	= "3979-4002",
	volume	= "40"
}
@Techreport{FLUIDITY,
	author	= "C.C Pain",
	title	= "Brief description and capabilities of the general CFD code FLUIDITY",
	institution = "Imperial College",
	year	= "2000"
}
@Inbook{ZienkiewiczVol2,
        author  = "O.C. Zienkiewicz and R.L. Tarlor",
        title   = "The finite element method",
        publisher = "McGraw-Hill Book Company",
        year    = "1991",
        volume  = "2",
        edition = "4th"
}
@Article{sziveri00,
   author   = "J. Sziveri, D. F. Seale and B. H. V. Topping",  
   title    = "An enhanced parallel sub-domain generation method for mesh partitioning in parallel finite element analysis.",  
   journal  = "International journal for numerical methods in Engineering",  
   month    = "",  
   number   = "",  
   year     = "2000",  
   pages    = "1773-1800",  
   note     = ""   
}
@Article{kaushik98,
   author   = "Dinesh K. Kaushik, David E. Keyes and Barry F. Smith",  
   title    = "On the interaction of architecture and algorithm in the domain-ba
sed parallelization of an unstructured-grid incompressible flow code",  
   journal  = "Contempory Mathematics",  
   month    = "",  
   number   = "",  
   year     = "1998",  
   pages    = "311-319",  
   note     = ""   
}
@Article{DecompPain,
   author   = "C. C. Pain, C. R. E. Oliveira and A. J. H. Goddard",  
   title    = "A neural network graph partitioning procedure for grid-based doma
in decomposition",  
   journal  = "International journal for numerical methods in engineering",  
   month    = "",  
   number   = "",  
   year     = "1999",  
   pages    = "593-613",  
   note     = ""   
}
@Article{zienkiewicz89,
   author   = "O. C. Zienkiewicz, J. Z. Zhu and N. G. Gong",  
   title    = "Effictive and practical h-p-version Adaptive analysis procedures 
for the finite element method",  
   journal  = "International Journal for numerical methods in engineering",  
   month    = "",  
   number   = "",  
   year     = "1989",  
   pages    = "879-891",  
   note     = "",  
}
@Article{zhu91,
   author   = "J. Z. Zhu, E. Hinton and O. C. Ziekiewicz",  
   title    = "Adaptive finite element analysis with quadrilaterals",  
   journal  = "Computers and structures",  
   month    = "",  
   number   = "5",  
   year     = "1991",  
   pages    = "1097-1104",  
   note     = ""   
}
@Article{zienkieqicz87,
   author   = "O. C. Zienkieqicz and J. Z. Zhu",  
   title    = "A simple error estimator and adaptive procedure for practical engineering analysis",  
   journal  = "International Journal for numerical methods in engineering",  
   month    = "",  
   number   = "",  
   year     = "1987",  
   pages    = "337-357",  
   note     = ""   
}
@Article{ainsworth89,
   author   = "M. Ainsworth, J. Z. Zhu, A. W. Craig and O. C. Zienkiewicz",  
   title    = "Analysis of the zienkewicz-zhu a-posteriori error estimator in the finite element method",  
   journal  = "international journal for numerical methods in engineering",  
   month    = "",  
   number   = "",  
   year     = "1989",  
   pages    = "2161-2174",  
   note     = ""   
}
@Article{kelly87,
   author   = "D. W. Kelly, R. J. Mills and J. A. Rezes",  
   title    = "A posteriori estimates of the solution error caused by discretization in the finite element methods",  
   journal  = "International journal for numerical methods in engineering",  
   month    = "",  
   number   = "",  
   year     = "1987",  
   pages    = "1921-1939",  
   note     = ""   
}
@Article{babuska93,
   author   = "Ivo M. Babuska and Rodolfo Rodrigues",  
   title    = "The problem of the selection of an posteriori error indicator based on smoothing techniques",  
   journal  = "international journal for numerical methods in engineering",  
   month    = "",  
   number   = "",  
   year     = "1993",  
   pages    = "539-567",  
   note     = ""   
}
@Article{zienkiewicz92,
   author   = "O. C. Zienkiewicz and J. Z. Zhu",  
   title    = "The superconvergant patch recovery and posteriori error estimates. Part 1: The recovery technique",  
   journal  = "International Journal for numerical methods in engineering",  
   month    = "",  
   number   = "",  
   year     = "1992",  
   pages    = "1331-1364",  
   note     = ""   
}
@Article{liu92,
   author   = "Y. C. Liu and H. A. Elmaraghy",  
   title    = "Assessment of discretized errors and adaptive refinement with quadrilateral finite elements",  
   journal  = "International journal for numerical methods in engineering",  
   month    = "",  
   number   = "",  
   year     = "1992",  
   pages    = "781-798",  
   note     = ""   
}
@Article{rheinboldt81,
   author   = "Werner C. Rheinboldt",  
   title    = "Adaptive mesh refinement processes for finite element solutions",  
   journal  = "International journal for numerical methods in engineering",  
   month    = "",  
   number   = "",  
   year     = "1981",  
   pages    = "649-662",  
   note     = ""   
}
@misc{ srinivasan95rpc,
    author = "R. Srinivasan",
    title = "RPC: Remote procedure call protocol specification version",
    text = "R. Srinivasan. RPC: Remote procedure call protocol specification version
      2. Technical Report RFC 1831, Sun Microsystems, Inc., Aug. 1995.",
    year = "1995"
}
@misc{ComputerDict,
    author = "Denis Howe",
    title  = "The Free On-line Dictionary of Computing",
    howpublished="http://www.foldoc.org/",
    text   = "The Free On-line Dictionary of Computing, http://www.foldoc.org/, Editor Denis Howe",
    year   = "1993"
}
@misc{mpi,
    author = "",
    title  = "MPI Standard",
    howpublished = "http://www-unix.mcs.anl.gov/mpi/",
    year   = "1993"
}
@misc{stl,
    author = "",
    title  = "Standard Template Library Programmer's Guide",
    howpublished = "http://www.sgi.com/tech/stl/",
    year   = "1994"
}
@misc{openPBS,
    author = "",
    title  = "",
    howpublished = "http://www.openpbs.org",
    year   = ""
}
@Article{Muhlenbein88,
   author   = "H. Muhlenbein, M. Gorges-Schleuter and O. Kramer",
   title    = "Evolution algorithms in combinatorial optimization",
   journal  = "Parallel Computing",
   month    = "",
   number   = "7",
   year     = "1988",
   pages    = "65-85",
   note     = ""
}
@inproceedings{padhye98,
   author   = "J. Padhye, V. Firoiu, D. Towley and J. Kurose",
   title    = "Modeling TCP Throughput: A simple Model and its Empirical Validation",
   booktitle= "Proceedings of the ANM SIGCOMM'98 Conference on Applications, Technologies, Architectures, and Protocalls for Computer Comm
unication",
   year     = "1998"
}
@misc{ping,
   howpublished="ftp://ftp.nikhef.nl/pub/network/ping.tar.Z"
}
@misc{bwdelay,
   howpublished="http://www.nlanr.net/NLANRPackets/v2.1/autotcpwindowtuning.html"
}
@misc{TCPtuning,
   howpublished="http://www.psc.edu/networking/perf\_tune.html"
}
@misc{dast.nlanr.net,
   howpublished="http://dast.nlanr.net"
}
@Article{semke98,
   author   = "J. Semke, J. Mahdavi and M. Mathis",
   title    = "Automatic TCP Buffer Tuning",
   journal  = "Computer Communication Review",
   month    = "October",
   number   = "4",
   volume   = "28",
   year     = "1998",
   pages    = "",
   note     = ""
}
@Article{walshaw97,
   author   = "C. Walshaw, M. Cross and M. Everett",
   title    = "Parallel dynamic graph partitioning for adaptive unstructered meshes",
   journal  = "Journal of Parallel and distributed Computing",
   volume   = "47",
   year     = "1997",
   pages    = "102-108"
}
@Article{walshaw99,
   author   = "C. Walshaw, M. Cross, R. Diekmann and F. Schlimbach",
   title    = "Multilevel partitioning dor optimising domain shape",
   journal  = "Int. J. High Performance Comput. Appl.",
   volume   = "13",
   year     = "1999",
   pages    = "334-353"
}
@Article{Karypis98a,
   author = "G. Karypis and V. Kumar",
   title  = "Multilevel k-way partitioning scheme for irregular graphs",
   journal= "Journal of Parallel and Distributed Computing",
   volume = "48",
   year   = "1998",
   page   = "96-129"
}
@Article{walshaw00,
   author = "C. Walshaw and M. Cross",
   title  = "Mesh partitioning: A multilevel balancing and refinement algorithm",
   journal= "SIAM J. Sci. Comput.",
   volume = "22",
   number = "1",
   year   = "2000",
   page   = "63-80"
}
@Inproceedings{Fiduccia_and_Mattheyses,
   author    = "C. M. Fiduccia and R. M. Mattheyses",
   title     = "A linear time heuristic for improving network partitions",
   booktitle = "Proceedings in the 19th IEEE Design Automation Conference.",
   year      = "1982",
   page      = "175-181"
}
@misc{globus,
    howpublished = "http://www.globus.org/"
}
@misc{jostle,
    howpublished = "http://www.gre.ac.uk/~jjg01/"
}
@misc{metis,
    howpublished = "http://www-users.cs.umn.edu/~karypis/metis/"
}
@Article{simulatedAnnealing_pain99,
   author = "C. C. Pain, C. R. E. de Oliveira and A. J. H. Goddard",
   title  = "Simulated annealing task to processor mapping for domain decomposition methods on distributed parallel computers",
   journal= "Concurrency: Practice and experience",
   volume = "11",
   year   = "1999",
   page   = "155-165"
}
@Article{Grid2Grid,
        author  = "R. Lohner",
        title   = "Robust, Vectorized Search Algorithms for Interpolation on Unstructured Grids",
        year    = "1995",
        pages   = "380",
        volume  = "118",
        journal = "Journal of Computational Physics"
}

% Graph partitioning
@Misc{parmetis,
	author  = "G. Karypis, K. Schloegel and V. Kumar",
	title   = "ParMETIS: Parallel Graph Partitioning and Sparse Matrix Ordering Library",
	howpublished = "http://www-users.cs.umn.edu/~karypis/metis/",
	year    = "2002"
}
@Article{basicMETIS,
        author = "G. Karypis and V. Kumar ",
        title  = " A Fast and High Quality Multilevel Scheme for Partitioning Irregular Graphs",
        journal = "SIAM J. on Sci. Comput.",
        year    = "1998",
        volume  = "20",
        number  = "1",
        pages   = "359-392"
}

@article{ schloegel97multilevel,
    author = "Kirk Schloegel and George Karypis and Vipin Kumar",
    title = "Multilevel Diffusion Schemes for Repartitioning of Adaptive Meshes",
    journal = "Journal of Parallel and Distributed Computing",
    volume = "47",
    number = "2",
    pages = "109--124",
    year = "1997",
    url = "citeseer.nj.nec.com/schloegel97multilevel.html" }

% Tetrahedra optimization
@Article{adapt,
        author  = "C.C. Pain, A.P. Umpleby, C.R.E. de Oliveira and A.J.H. Goddard",
        title   = "Tetrahedral mesh optimisation and adaptivity for steady-state and transient finite element calculations",
        journal = "Comput. Methods Appl. Mech. Engrg.",
        year    = "2001",
	volume	= "190",
        pages   = "3771-3796"
}
@Techreport{Surfaces_Adrian2002,
	author	= "A.P. Umpleby",
	title	= "Tetrahedral Mesh Adaptivity with Surface Geometry Constraints",
	institution = "Earth Science and Engineering, Imperial College London",
	year	= "2002"
}

@InProceedings{PredictiveLoad_adaptSpaceTime,
  author = {J. E. Flaherty and R. M. Loy and  M. S. Shephard and B. K. Szymanski and J. D. Teresco and L. H. Ziantz},
  title = {Predictive load balancing for parallel adaptive finite element computation},
  booktitle = {Proc. PDPTA '97},
  editor = {H. R. Arabnia},
  volume = {I},
  year = {1997},
  pages = {460-469}
}

@Article{Kallinderis93,
	author	= "Y. Killinderis and P. Vijayan",
	title	= "Adaptive Refinement-Coarsening Scheme for Three-Dimensional Unstructured Meshes",
	journal	= "AIAA Journal",
	year	= "1993",
	pages	= "1440-1447",
	volume	= "31",
        number  = "8"     
}
@Article{Pirzadeh99,
	author	= "S. Z. Pirzadeh",
	title	= "An Adaptive Unstructured Grid Method by Grid Subdivision, Local Remeshing, and Grid Movement",
	journal	= "14th AIAA Computational Fluid Dynamics Conference",
	year	= "1999",
	pages	= "1440-1447",
	volume	= "31",
        number  = "8"     
}

@article{ oliker00parallel,
    author = "L. Oliker and R. Biswas and H. N. Gabow",
    title = "Parallel tetrahedral mesh adaptation with dynamic load balancing",
    journal = "Parallel Computing",
    volume = "26",
    number = "12",
    pages = "1583--1608",
    year = "2000",
    url = "citeseer.nj.nec.com/387888.html" }

@InProceedings{Jimack98,
  author = 	 {P. K. Jimack},
  title = 	 {Techniques for Parallel Adaptivity},
  booktitle = 	 {Parallel and Distributed Processing for Computational Mechanics II},
  year = 	 {1998},
  editor = 	 {B. H. V. Topping},
  publisher = {Saxe-Coburg Publications},
}
@InProceedings{Touheed98,
  author = 	 {N. Touheed and P. Selwood and P. K. Jimack and M. Berzins},
  title = 	 {A Comparisons of some Dynamic Load-Balancing Algorithms for a Parallel Adaptive Flow Solver},
  booktitle = 	 {Parallel and Distributed Processing for Computational Mechanics II},
  year = 	 {1998},
  editor = 	 {B. H. V. Topping},
  publisher = {Saxe-Coburg Publications},
}
@Article{Xu98,
  author = 	 {X. Xu, C. C. Pain, A. J. H. Goddard and C. R. E. de Oliveira},
  title = 	 {An automatic adaptive meshing technique for Delaunay triangulations},
  journal = 	 {Computer methods in applied mechanics and engineering},
  year = 	 {1997},
  volume = 	 {161},
  pages = 	 {297-303}
}
@Article{Selwood99,
  author = 	 {P. M. Selwood and M. Berzins},
  title = 	 {Parallel unstructered tetrahedral mesh adaption: algorithms, implementation and scalability},
  journal = 	 {Concurrency: Practice and Experience},
  year = 	 {1999},
  volume = 	 {11},
  number = 	 {14},
  pages = 	 {863-884}
}
@PhdThesis{Ozturan95,
  author = 	 {C. Ozturan},
  title = 	 {Distributed Environment and load balancing for adaptive unstructured meshes},
  school = 	 {Rensselaer Polytechnic Institute},
  address = 	 {Troy, New York},
  year = 	 {1995}
}

% Old triangular optimization stuff
@Article{Rivara84,
  author = 	 {M. C. Rivara},
  title = 	 {Algorithms for refining triangular grids suitable for adaptive and multigrid techniques},
  journal = 	 {International Journal for Numerical Methods in Engineering},
  year = 	 {1984},
  volume = 	 {20},
  pages = 	 {745-756},
}
@Article{Nambiar93,
  author = 	 {R. V. Nambiar, R. S. Valera, K. L. Lawrence, R. B. Morgan and D. Amil},
  title = 	 {An algorithm for adaptive refinement of triangular element meshes},
  journal = 	 {International Journal for Numerical Methods in Engineering},
  year = 	 {1993},
  volume = 	 {36},
  pages = 	 {499-509}
}
@Article{PersianoXX,
  author = 	 {R. M. Persiano, J. L. D. Comba and V. Barbalho},
  title = 	 {An adaptive triangulation refinement scheme and construction},
  journal = 	 {UNKNOWN},
  year = 	 {UNKNOWN},
  volume = 	 {UNKNOWN},
  number = 	 {UNKNOWN},
  pages = 	 {UNKNOWN}
}

% Morphing
@Article{QMorph,
	author	= "S. J. Owen, M. L. Staten, S. A. Canann and S. Saigal",
	title	= "Advancing Front Quadrilateral Meshing Using Triangular Transformations",
	journal	= "MISSING",
	year	= "MISSING",
	pages	= "MISSING",
	volume	= "MISSING"
}

@Article{Buscaglia,
   author  = "C.G. Buscaglia and E.A. Dari",
   title   = "Anisotropic mesh optimization and its applications in adaptivity",
   journal = "Int. J. Num. Methods Engrg.",
   year    = "1997",
   pages   = "4119-4136",
   volume  = "50"
}

@Article{lohner_grid2grid,
   author  = {R L\"{o}hner},
   title   = "Robust, Vectorized Search Algorithms for Interpolation on Unstructured Grids",
   journal = "J. Comp. Phys.",
   year    = "1995",
   pages   = "380-387",
   volume  = "118"
}



